@article{CESMDocs,
	title    = {{Cesm Documentation}},
	author   = {CESM1.2 Development Team},
	year     = {2014},
    howpublished = "\url{http://www.cesm.ucar.edu/models/cesm1.2/cesm/doc/usersguide/book1.html}"
}

@article{AwipsDocs,
	author   = {Unidata},
	title    = {{Awips System Architecture Documentation}},
	year     = {2016},
    howpublished = "\url{https://docs.google.com/document/d/1ggqsioNSwVC6XzJL7oJs1vPkUPzXeaCwz25tMtqikzE/edit}",
}

@picture{hdf,
    author = {hdf},
    title = {{hdf-logo}},
    howpublished = "\url{https://upload.wikimedia.org/wikipedia/en/1/19/HDF_File_Format_Logo.jpg}"
   
}

@picture{netcdf,
    author = {netcdf},
    title = {{netcdf-logo}},
    howpublished = "\url{http://disc.sci.gsfc.nasa.gov/gesNews/mirador_new_netCDF_download/image_mini}"
}

@picture{Uni01,
	author   = {Unidata},
	title    = {{AWIPS II Infrastructure}},
	year     = {2016},
    howpublished = "\url{http://www.unidata.ucar.edu/software/awips2/images/awips2_coms.png}",
}