
@article{CESMDocs,
	title    = {{Cesm Documentation}},
	author   = {CESM1.2 Development Team},
	year     = {2014},
    howpublished = "\url{http://www.cesm.ucar.edu/models/cesm1.2/cesm/doc/usersguide/book1.html}"
}

@article{AwipsDocs,
	author   = {Unidata},
	title    = {{Awips System Architecture Documentation}},
	year     = {2016},
    howpublished = "\url{https://docs.google.com/document/d/1ggqsioNSwVC6XzJL7oJs1vPkUPzXeaCwz25tMtqikzE/edit}",
}

@picture{Uni01,
	author   = {Unidata},
	title    = {{AWIPS II Infrastructure}},
	year     = {2016},
    howpublished = "\url{http://www.unidata.ucar.edu/software/awips2/images/awips2_coms.png}",
}

@picture{ifs,
	author   = {ECMWF},
	title    = {{OpenIFS documentation}},
	year     = {2016},
    howpublished = "\url{https://software.ecmwf.int/wiki/display/OIFS/About+OpenIFS}",
}


@picture{echam,
	author   = {Max Planck Institute},
	title    = {{ECHAM Introduction}},
	year     = {2016},
    howpublished = "\url{http://www.mpimet.mpg.de/en/science/models/echam.html}",
}

